<?xml version="1.0" encoding="UTF-8"?><collection xmlns="http://www.loc.gov/MARC21/slim"><record><leader>00404nam--2200133-i-4500</leader><controlfield tag="001">000050189</controlfield><controlfield tag="002">20161230</controlfield><controlfield tag="005">20161230201048</controlfield><controlfield tag="008">060222s1000------------r-----000-0-eng-d</controlfield><datafield ind1=" " ind2=" " tag="080"><subfield code="a">621.52</subfield></datafield><datafield ind1=" " ind2=" " tag="100"><subfield code="a">Baiburov,B.S</subfield></datafield><datafield ind1=" " ind2=" " tag="245"><subfield code="a">Laureat stalinskoi premii. pribory i avtomaty dlia statisticheskogo analiza i kontrolia produkcii v mashinostroenii</subfield></datafield><datafield ind1=" " ind2=" " tag="260"><subfield code="a">Moskva, Mashgiz, 1952. 174/-176/S</subfield></datafield><datafield ind1=" " ind2=" " tag="852"><subfield code="a">2045</subfield></datafield></record></collection>